<record><leader>00000cas a2200000 a 4500</leader><controlfield tag="001">11663030</controlfield><controlfield tag="008">850206d184u1847vtudn ne      0    0eng c</controlfield><datafield ind1=" " ind2=" " tag="010"><subfield code="a">sn 85025294 </subfield></datafield><datafield ind1=" " ind2=" " tag="040"><subfield code="a">NPX</subfield><subfield code="b">eng</subfield><subfield code="c">NPX</subfield><subfield code="d">NSD</subfield><subfield code="d">MGN</subfield><subfield code="d">NVN</subfield><subfield code="d">OCL</subfield><subfield code="d">NVN</subfield><subfield code="d">OCLCG</subfield><subfield code="d">DLC</subfield><subfield code="d">OCLCQ</subfield><subfield code="d">OCLCA</subfield><subfield code="d">OCLCF</subfield></datafield><datafield ind1="1" ind2=" " tag="029"><subfield code="a">AU@</subfield><subfield code="b">000025818702</subfield></datafield><datafield ind1=" " ind2=" " tag="042"><subfield code="a">pcc</subfield></datafield><datafield ind1=" " ind2=" " tag="043"><subfield code="a">n-us-vt</subfield></datafield><datafield ind1="0" ind2="0" tag="050"><subfield code="a">Newspaper</subfield></datafield><datafield ind1="0" ind2=" " tag="130"><subfield code="a">Daily journal (Montpelier, Vt.)</subfield></datafield><datafield ind1="1" ind2="4" tag="245"><subfield code="a">The daily journal.</subfield></datafield><datafield ind1="1" ind2=" " tag="246"><subfield code="i">Issue for &lt;Oct. 15, 1847&gt; has title:</subfield><subfield code="a">Walton's daily journal</subfield></datafield><datafield ind1=" " ind2=" " tag="260"><subfield code="a">Montpelier [Vt.] :</subfield><subfield code="b">E.P. Walton &amp; Sons</subfield></datafield><datafield ind1=" " ind2=" " tag="300"><subfield code="a">v.</subfield></datafield><datafield ind1=" " ind2=" " tag="310"><subfield code="a">Daily (during sessions of the legislature)</subfield></datafield><datafield ind1="0" ind2=" " tag="362"><subfield code="a">-no. 28, (Nov. 16, 1847).</subfield></datafield><datafield ind1=" " ind2=" " tag="500"><subfield code="a">Editor: Eliakim Persons Walton, &lt;1844&gt;.</subfield></datafield><datafield ind1=" " ind2=" " tag="500"><subfield code="a">Publisher: E.P. Walton &amp; Sons, &lt;1845&gt;.</subfield></datafield><datafield ind1=" " ind2=" " tag="515"><subfield code="a">Numbering begins again with each legislative session.</subfield></datafield><datafield ind1=" " ind2=" " tag="580"><subfield code="a">Weekly ed.: Vermont watchman and State journal.</subfield></datafield><datafield ind1=" " ind2=" " tag="588"><subfield code="a">Description based on: No. 2 (Oct. 15, 1842).</subfield></datafield><datafield ind1=" " ind2="0" tag="650"><subfield code="a">Legislation</subfield><subfield code="z">Vermont</subfield><subfield code="v">Newspapers.</subfield></datafield><datafield ind1=" " ind2="0" tag="651"><subfield code="a">Vermont</subfield><subfield code="v">Newspapers.</subfield></datafield><datafield ind1=" " ind2="7" tag="655"><subfield code="a">Newspapers.</subfield><subfield code="2">fast</subfield><subfield code="0">(OCoLC)fst01423814</subfield></datafield><datafield ind1=" " ind2="7" tag="650"><subfield code="a">Legislation.</subfield><subfield code="2">fast</subfield><subfield code="0">(OCoLC)fst00995636</subfield></datafield><datafield ind1=" " ind2="7" tag="651"><subfield code="a">Vermont.</subfield><subfield code="2">fast</subfield><subfield code="0">(OCoLC)fst01204305</subfield></datafield><datafield ind1="1" ind2=" " tag="700"><subfield code="a">Walton, E. P.</subfield><subfield code="q">(Eliakim Persons),</subfield><subfield code="d">1812-1890.</subfield></datafield><datafield ind1=" " ind2=" " tag="752"><subfield code="a">United States</subfield><subfield code="b">Vermont</subfield><subfield code="c">Washington</subfield><subfield code="d">Montpelier.</subfield></datafield><datafield ind1="1" ind2=" " tag="775"><subfield code="t">Vermont watchman and State journal</subfield><subfield code="w">(DLC)sn 84023200</subfield><subfield code="w">(OCoLC)10841887</subfield></datafield><datafield ind1="0" ind2="0" tag="780"><subfield code="t">Walton's journal</subfield><subfield code="w">(DLC)sn 85025293</subfield><subfield code="w">(OCoLC)11663144</subfield></datafield><datafield ind1="0" ind2="0" tag="785"><subfield code="t">Walton's daily journal (Montpelier, Vt. : 1848)</subfield><subfield code="w">(DLC)sn 84023201</subfield><subfield code="w">(OCoLC)10841993</subfield></datafield></record>